<record><leader>00000cas a2200000 a 4500</leader><controlfield tag="001">12004708</controlfield><controlfield tag="008">850507c19719999caumr ne      0    0eng d</controlfield><datafield ind1=" " ind2=" " tag="010"><subfield code="a">sn 88099785 </subfield></datafield><datafield ind1=" " ind2=" " tag="040"><subfield code="a">MSH</subfield><subfield code="b">eng</subfield><subfield code="c">MSH</subfield><subfield code="d">HWN</subfield><subfield code="d">OCL</subfield><subfield code="d">OCLCQ</subfield><subfield code="d">OCLCF</subfield><subfield code="d">OCLCO</subfield></datafield><datafield ind1=" " ind2=" " tag="037"><subfield code="b">Voice of Hawaii, P.O. Box 26511, Los Angeles, CA 90026-0511</subfield></datafield><datafield ind1=" " ind2=" " tag="042"><subfield code="a">msc</subfield></datafield><datafield ind1=" " ind2=" " tag="043"><subfield code="a">n-us-ca</subfield><subfield code="a">n-us-hi</subfield></datafield><datafield ind1=" " ind2=" " tag="090"><subfield code="a">F870.H3</subfield><subfield code="b">V65</subfield></datafield><datafield ind1="0" ind2="0" tag="245"><subfield code="a">Voice of Hawaii.</subfield></datafield><datafield ind1=" " ind2=" " tag="260"><subfield code="a">Los Angeles, Calif. :</subfield><subfield code="b">Voice of Hawaii</subfield></datafield><datafield ind1=" " ind2=" " tag="300"><subfield code="a">v. :</subfield><subfield code="b">ill. ;</subfield><subfield code="c">40 cm.</subfield></datafield><datafield ind1=" " ind2=" " tag="310"><subfield code="a">Monthly</subfield></datafield><datafield ind1="1" ind2=" " tag="362"><subfield code="a">Began in 1971.</subfield></datafield><datafield ind1=" " ind2=" " tag="500"><subfield code="a">"Hawaiian newspaper published monthly in the State of California."</subfield></datafield><datafield ind1=" " ind2=" " tag="515"><subfield code="a">Slight irregularities in numbering.</subfield></datafield><datafield ind1=" " ind2=" " tag="588"><subfield code="a">Description based on: Vol. 2, no. 6 (June, 1972).</subfield></datafield><datafield ind1=" " ind2="0" tag="650"><subfield code="a">Hawaiians</subfield><subfield code="z">California</subfield><subfield code="v">Newspapers.</subfield></datafield><datafield ind1=" " ind2="0" tag="650"><subfield code="a">Hawaiians</subfield><subfield code="v">Newspapers.</subfield></datafield><datafield ind1=" " ind2="7" tag="655"><subfield code="a">Newspapers.</subfield><subfield code="2">fast</subfield><subfield code="0">(OCoLC)fst01423814</subfield></datafield><datafield ind1=" " ind2="7" tag="650"><subfield code="a">Hawaiians.</subfield><subfield code="2">fast</subfield><subfield code="0">(OCoLC)fst00952033</subfield></datafield><datafield ind1=" " ind2="7" tag="651"><subfield code="a">California.</subfield><subfield code="2">fast</subfield><subfield code="0">(OCoLC)fst01204928</subfield></datafield><datafield ind1=" " ind2=" " tag="752"><subfield code="a">United States</subfield><subfield code="b">California</subfield><subfield code="c">Los Angeles</subfield><subfield code="d">Los Angeles.</subfield></datafield><datafield ind1=" " ind2=" " tag="936"><subfield code="a">Jan. 1973</subfield></datafield></record>